% Copyright (c) 2012 Raniere Silva <r.gaia.cs@gmail.com>
%
% This file is licensed under the Creative Commons Attribution-ShareAlike 3.0 Unported License. To view a copy of this license, visit http://creativecommons.org/licenses/by-sa/3.0/ or send a letter to Creative Commons, 444 Castro Street, Suite 900, Mountain View, California, 94041, USA.
% 
% This work is distributed in the hope that it will be useful, but WITHOUT ANY WARRANTY; without even the implied warranty of MERCHANTABILITY or FITNESS FOR A PARTICULAR PURPOSE.
%
@article{Andjel:1989:TP,
    title = "A linear continuous transportation problem",
    author = "Enrique D Andjel and Tarcísio L Lopes and JoséMario Martinez"
    journal = "Journal of Mathematical Analysis and Applications",
    volume = "141",
    number = "2",
    pages = "424 - 430",
    year = "1989",
    note = "",
    issn = "0022-247X",
    doi = "10.1016/0022-247X(89)90187-X",
    url = "http://www.sciencedirect.com/science/article/pii/0022247X8990187X",
}